@article{simonyan2014very,
  title={Very deep convolutional networks for large-scale image recognition},
  author={Simonyan, Karen and Zisserman, Andrew},
  journal={arXiv preprint arXiv:1409.1556},
  year={2014}
}

@article{li2015automatic,
  title={Automatic instrument recognition in polyphonic music using convolutional neural networks},
  author={Li, Peter and Qian, Jiyuan and Wang, Tian},
  journal={arXiv preprint arXiv:1511.05520},
  year={2015}
}

@article{han2016deep,
  title={Deep convolutional neural networks for predominant instrument recognition in polyphonic music},
  author={Han, Yoonchang and Kim, Jaehun and Lee, Kyogu},
  journal={IEEE/ACM Transactions on Audio, Speech, and Language Processing},
  volume={25},
  number={1},
  pages={208--221},
  year={2016},
  publisher={IEEE}
}

@article{choi2017tutorial,
  title={A tutorial on deep learning for music information retrieval},
  author={Choi, Keunwoo and Fazekas, Gy{\"o}rgy and Cho, Kyunghyun and Sandler, Mark},
  journal={arXiv preprint arXiv:1709.04396},
  year={2017}
}

@inproceedings{humphrey2018openmic,
  title={OpenMIC-2018: An Open Data-set for Multiple Instrument Recognition.},
  author={Humphrey, Eric and Durand, Simon and McFee, Brian},
  booktitle={ISMIR},
  pages={438--444},
  year={2018}
}

@article{spectogram2019,
  title={Music Instrument Recognition from Spectrogram Images Using Convolution Neural Network},
  author={G Jawaherlalnehru, S Jothilakshmi},
  journal={International Journal of Innovative Technology and Exploring Engineering (IJITEE)},
  year={2019}
}